<record><leader>00000cas a22000007a 4500</leader><controlfield tag="001">15528356</controlfield><controlfield tag="008">870414c19329999iauwr ne      0    0eng d</controlfield><datafield ind1=" " ind2=" " tag="010"><subfield code="a">sn 87058137 </subfield></datafield><datafield ind1=" " ind2=" " tag="040"><subfield code="a">INP</subfield><subfield code="b">eng</subfield><subfield code="c">INP</subfield><subfield code="d">OCLCQ</subfield></datafield><datafield ind1=" " ind2=" " tag="042"><subfield code="a">msc</subfield></datafield><datafield ind1="0" ind2="4" tag="245"><subfield code="a">The New Hampton economist.</subfield></datafield><datafield ind1=" " ind2=" " tag="260"><subfield code="a">New Hampton, Iowa :</subfield><subfield code="b">J.E. Feuling</subfield></datafield><datafield ind1=" " ind2=" " tag="300"><subfield code="a">v.</subfield></datafield><datafield ind1=" " ind2=" " tag="310"><subfield code="a">Weekly</subfield></datafield><datafield ind1="1" ind2=" " tag="362"><subfield code="a">Began in Aug. 1932.</subfield></datafield><datafield ind1=" " ind2=" " tag="500"><subfield code="a">Publisher varies.</subfield></datafield><datafield ind1=" " ind2=" " tag="588"><subfield code="a">Description based on: Vol. 30, no. 22 (May 28, 1968).</subfield></datafield><datafield ind1=" " ind2=" " tag="752"><subfield code="a">United States</subfield><subfield code="b">Iowa</subfield><subfield code="c">Chickasaw</subfield><subfield code="d">New Hampton.</subfield></datafield><datafield ind1="0" ind2=" " tag="777"><subfield code="t">New Hampton tribune (New Hampton, Iowa : 1937)</subfield><subfield code="w">(DLC)sn 87058092</subfield><subfield code="g">&lt;1957-</subfield></datafield><datafield ind1="0" ind2="5" tag="780"><subfield code="t">American (New Hampton, Iowa)</subfield></datafield></record>